<?xml version="1.0" encoding="UTF-8"?><record xmlns="http://www.loc.gov/MARC21/slim" xmlns:cinclude="http://apache.org/cocoon/include/1.0" xmlns:zs="http://www.loc.gov/zing/srw/">
  <leader>01237cz  a2200241n  4500</leader>
  <controlfield tag="001">n  85073526 </controlfield>
  <controlfield tag="003">DLC</controlfield>
  <controlfield tag="005">20150912073901.0</controlfield>
  <controlfield tag="008">850709n| azannaabn          |a aaa      </controlfield>
  <datafield tag="010" ind1=" " ind2=" ">
    <subfield code="a">n  85073526 </subfield>
  </datafield>
  <datafield tag="035" ind1=" " ind2=" ">
    <subfield code="a">(OCoLC)oca01370200</subfield>
  </datafield>
  <datafield tag="040" ind1=" " ind2=" ">
    <subfield code="a">DLC</subfield>
    <subfield code="b">eng</subfield>
    <subfield code="e">rda</subfield>
    <subfield code="c">DLC</subfield>
    <subfield code="d">DLC</subfield>
    <subfield code="d">OCoLC</subfield>
    <subfield code="d">NcD</subfield>
    <subfield code="d">DLC</subfield>
    <subfield code="d">NcD</subfield>
  </datafield>
  <datafield tag="046" ind1=" " ind2=" ">
    <subfield code="f">1948-03-24</subfield>
    <subfield code="g">2013-05-04</subfield>
    <subfield code="2">edtf</subfield>
  </datafield>
  <datafield tag="100" ind1="1" ind2=" ">
    <subfield code="a">Diez Canseco, Javier</subfield>
  </datafield>
  <datafield tag="370" ind1=" " ind2=" ">
    <subfield code="a">Lima (Peru)</subfield>
    <subfield code="2">naf</subfield>
  </datafield>
  <datafield tag="373" ind1=" " ind2=" ">
    <subfield code="a">Partido Socialista del Perú</subfield>
    <subfield code="2">naf</subfield>
  </datafield>
  <datafield tag="400" ind1="1" ind2=" ">
    <subfield code="a">Canseco, Javier Diez</subfield>
  </datafield>
  <datafield tag="400" ind1="1" ind2=" ">
    <subfield code="a">Diez Canseco Cisneros, Javier</subfield>
  </datafield>
  <datafield tag="400" ind1="1" ind2=" ">
    <subfield code="a">Canseco Cisneros, Javier Diez</subfield>
  </datafield>
  <datafield tag="400" ind1="1" ind2=" ">
    <subfield code="a">Cisneros, Javier Diez Canseco</subfield>
  </datafield>
  <datafield tag="670" ind1=" " ind2=" ">
    <subfield code="a">His Democracia, militarización y derechos humanos en el Perú, 1980-84, c1985:</subfield>
    <subfield code="b">cover (diputado Javier Diez Canseco, miembro de la Comisión Parlamentaria de Derechos Humanos [Perú])</subfield>
  </datafield>
  <datafield tag="670" ind1=" " ind2=" ">
    <subfield code="a">Balance de la inversión privada y privatización, 2002:</subfield>
    <subfield code="b">t.p. (Javier Diez Canseco Cisneros) Peruvian CIP (Diez Canseco Cisneros, Javier)</subfield>
  </datafield>
  <datafield tag="670" ind1=" " ind2=" ">
    <subfield code="a">Spanish Wikipedia, Sept. 11, 2015</subfield>
    <subfield code="b">(Javier Diez Canseco; Javier Diez Canseco Cisneros; b. March 24, 1948 in Lima; d. May 4, 2013; Peruvian sociologist, politician, writer; founder of Partido Socialista del Perú; member of Peruvian Congress)</subfield>
  </datafield>
</record>